
@article{Onlinmultiplayergames:avirtualspaceforintellectualpropertydebates,
    author = "SARA M. GRIMES ",
    title = "Online multiplayer games: a virtual space for intellectual property debates",
    journal = "Simon Fraser University, Canada ",
    volume = 10,
    issue = 2,
    month = apr # "/" # jun,
    year = "2010",
    pages = "2--6",
}


@article{psychologist'sadvice,
    author = "Olha Teterina ",
    title ="What is addiction to computer games and how to detect it - psychologist's advice",
    journal = "Fakts",
    volume = 10,
    issue = 2,
    month = oct # "/" # nov,
    year = "2010",
    pages = "1--4",
}

@article{psychologist'sadvice,
    author = "David R. Woolley ",
    title =" PLATO: The Emergence of Online Community",
    journal = "thinkofit",
    volume = 10,
    issue = 2,
    month = aug # "/" # sep,
    year = "2013",
    pages = "1--2",
}



@misc{PLP-Framework,
	author = "Ryabchuk A.M.
Doctor of Sociology, Art. off Department of Sociology, NaUKMA
Prokopenko A.U.
student of the bachelor's program Sociology at NaUKMA",
	title = "COMMUNICATION IN ONLINE GAMES AS A FACTOR OF IMPROVEMENT
COMMUNICATION SKILLS IN REAL LIFE",
	howpublished = "\url{http://enpuir.npu.edu.ua/handle/123456789/6197}",
}

@misc{BBC-work,
	author = " Raymond Garrett",
	title = "BBC The Social contributor",
	howpublished = "\url{https://www.bbc.co.uk/programmes/articles/XmFWJk8PBK99jHY3x6Lsr6/the-huge-online-multiplayer-games-where-players-can-live-a-second-life}",
}